@article{holo2022usages,
  title={Usages des r{\'e}seaux et m{\'e}dias sociaux par les {\'e}tudiants en contexte d’apprentissage {\`a} l’Universit{\'e} virtuelle de C{\^o}te d’Ivoire (UVCI)},
  author={Holo, Amon Kassi and Kon{\'e}, Ti{\'e}moman},
  journal={Revue internationale des technologies en p{\'e}dagogie universitaire},
  volume={19},
  number={2},
  pages={148--159},
  year={2022},
  publisher={{\'E}rudit}
}

@article{ghimire2022secondaire,
  title={Les é{\'e}leves du secondaire apprennent l'anglais grâce aux médias sociaux : une {\'e}tude de cas au N{\'e}pal.},
  auteur={Ghimire, Surendra Prasad},
  journal={Revue internationale de recherche en {\'e}ducation et en sciences},
  volume={8},
  numéro={3},
  pages={529--544},
  année={2022},
  éditeur={ERIC}
}

@article{al2020efficacité,
  title={L'efficacité de l'application de m{\'e}dias sociaux « Telegram Messenger » pour am{\'e}liorer les comp{\'e}tences en lecture des {\'e}tudiants : une {\'e}tude de cas d'apprenants d'EFL à l'Ajloun University College/Jordanie},
  auteur={Al Momani, Ali Mohammad},
  journal={Journal sur l'enseignement et la recherche des langues},
  volume={11},
  numéro={3},
  pages={373--378},
  année={2020},
  editor={Academy Publication Co., Ltd.}
}

@article{junco2013putting,
  title={Putting twitter to the test: Assessing outcomes for student collaboration, engagement and success},
  author={Junco, Reynol and Elavsky, C Michael and Heiberger, Greg},
  journal={British Journal of Educational Technology},
  volume={44},
  number={2},
  pages={273--287},
  year={2013},
  publisher={Wiley Online Library}
}

@article{maziriri2020student,
  title={Student perceptions towards the use of YouTube as an educational tool for learning and tutorials.},
  author={Maziriri, Eugine Tafadzwa and Gapa, Parson and Chuchu, Tinashe},
  journal={International Journal of Instruction},
  volume={13},
  number={2},
  pages={119--138},
  year={2020},
  publisher={ERIC}
}

@article{mogaji2019student,
  title={Student engagement with LinkedIn to enhance employability},
  author={Mogaji, Emmanuel},
  journal={Employability via higher education: Sustainability as scholarship},
  pages={321--329},
  year={2019},
  publisher={Springer}
}

@article{alhabash2017tale,
  title={Une histoire de quatre plateformes : motivations et utilisations de Facebook, Twitter, Instagram et Snapchat chez les étudiants ?},
  author={Alhabash, Saleem et Ma, Mengyan},
  journal={Réseaux sociaux+ société},
  volume={3},
  numéro={1},
  pages={2056305117691544},
  année={2017},
  editor={SAGE Publications Sage UK : Londres, Angleterre}
}

@article{lapolla2014pinterest,
  title={The Pinterest project: Using social media in an undergraduate second year fashion design course at a United States University},
  author={Lapolla, Kendra},
  journal={Art, Design \& Communication in Higher Education},
  volume={13},
  number={2},
  pages={175--187},
  year={2014},
  publisher={Intellect}
}

@article{siddiqui2016social,
  title={Social media its impact with positive and negative aspects},
  author={Siddiqui, Shabnoor and Singh, Tajinder and others},
  journal={International journal of computer applications technology and research},
  volume={5},
  number={2},
  pages={71--75},
  year={2016}
}

@book{fraisse2015stop,
  title={Stop au harc{\`e}lement: le guide pour combattre les violences {\`a} l'{\'e}cole et sur les r{\'e}seaux sociaux},
  author={Fraisse, Nora and Remy, Jacqueline},
  publisher={Calmann-L{\'e}vy},
  year={2015}
}

@inproceedings{hasnain2015impact,
  title={Impact of social media usage on academic performance of university students},
  author={Hasnain, Hira and Nasreen, Anum and Ijaz, Hamza},
  booktitle={2nd International Research Management \& Innovation Conference (IRMIC)},
  pages={26--27},
  year={2015}
}

@article{hew2011students,
  title={Students’ and teachers’ use of Facebook},
  author={Hew, Khe Foon},
  journal={Computers in human behavior},
  volume={27},
  number={2},
  pages={662--676},
  year={2011},
  publisher={Elsevier}
}